<?xml version="1.0" encoding="UTF-8"?><collection xmlns="http://www.loc.gov/MARC21/slim"><record><leader>00499nam--2200205-i-4500</leader><controlfield tag="001">000019222</controlfield><controlfield tag="002">20161230</controlfield><controlfield tag="005">20161230201033</controlfield><controlfield tag="008">060222s1000------------r-----000-0-rus-d</controlfield><datafield ind1=" " ind2=" " tag="040"><subfield code="a">IFIN-HH</subfield></datafield><datafield ind1=" " ind2=" " tag="041"><subfield code="a">rus</subfield></datafield><datafield ind1=" " ind2=" " tag="080"><subfield code="a">539.14:539.17</subfield></datafield><datafield ind1="1" ind2=" " tag="100"><subfield code="a">Sirokov, Yu.M</subfield></datafield><datafield ind1="1" ind2="0" tag="245"><subfield code="a">Iadernaia fizika</subfield><subfield code="c">Yu.m. sirokov, n.p. yudin</subfield></datafield><datafield ind1=" " ind2=" " tag="260"><subfield code="a">Moskva</subfield><subfield code="b">Nauka</subfield><subfield code="c">1972</subfield></datafield><datafield ind1=" " ind2=" " tag="300"><subfield code="a">671P</subfield></datafield><datafield ind1=" " ind2=" " tag="490"><subfield code="a">Obsii Kurs Fiziki</subfield></datafield><datafield ind1="1" ind2=" " tag="700"><subfield code="a">Yudin, N.P</subfield></datafield><datafield ind1=" " ind2=" " tag="852"><subfield code="a">37923</subfield><subfield code="c">539.14</subfield></datafield><datafield ind1=" " ind2=" " tag="CAT"><subfield code="a">Sys</subfield><subfield code="c">20120328</subfield><subfield code="h">155921</subfield></datafield></record></collection>